@inproceedings{zhang2007chunk,
  title={{Chunk-Level Reordering of Source Language Sentences with Automatically Learned Rules for Statistical Machine Translation}},
  author={Zhang, Yuqi and Zens, Richard and Ney, Hermann},
  booktitle={Proceedings of the NAACL-HLT 2007/AMTA Workshop on Syntax and Structure in Statistical Translation},
  pages={1--8},
  year={2007},
  organization={Association for Computational Linguistics}
}

@inproceedings{crego2008using,
  title={{Using Shallow Syntax Information to Improve Word Alignment and Reordering for SMT}},
  author={Crego, Josep M and Habash, Nizar},
  booktitle={Proceedings of the Third Workshop on Statistical Machine Translation},
  pages={53--61},
  year={2008},
  organization={Association for Computational Linguistics}
}

@article{habash2007syntactic,
  title={{Syntactic Preprocessing for Statistical Machine Translation}},
  author={Habash, Nizar},
  journal={MT Summit XI},
  pages={215--222},
  year={2007}
}


@inproceedings{collins2005clause,
  title={{Clause Restructuring for Statistical Machine Translation}},
  author={Collins, Michael and Koehn, Philipp and Ku{\v{c}}erov{\'a}, Ivona},
  booktitle={Proceedings of the 43rd annual meeting on association for computational linguistics},
  pages={531--540},
  year={2005},
  organization={Association for Computational Linguistics}
}


@inproceedings{popovic2006pos,
  title={{POS-Based Word Reorderings for Statistical Machine Translation}},
  author={Popovic, Maja and Ney, Hermann},
  booktitle={International Conference on Language Resources and Evaluation},
  pages={1278--1283},
  year={2006}
}

@article{birch2,
  title={{Reordering Metrics for Statistical Machine Translation}},
  author={Birch, Alexandra},
  year={2011},
  publisher={The University of Edinburgh}
}

@inproceedings{bleuscore,
  title={{BLEU: a Method for Automatic Evaluation of Machine Translation}},
  author={Papineni, Kishore and Roukos, Salim and Ward, Todd and Zhu, Wei-Jing},
  booktitle={Proceedings of the 40th annual meeting on association for computational linguistics},
  pages={311--318},
  year={2002},
  organization={Association for Computational Linguistics}
}

@article{penn3,
  title={{Part-of-Speech Tagging Guidelines for the Penn Treebank Project (3rd revision)}},
  author={Santorini, Beatrice},
  year={1990}
}

@inproceedings{depend,
  title={{Generating Typed Dependency Parses from Phrase Structure Parses}},
  author={De Marneffe, Marie-Catherine and MacCartney, Bill and Manning, Christopher D and others},
  booktitle={Proceedings of LREC},
  volume={6},
  pages={449--454},
  year={2006}
}

@article{penn,
  title={{Building a Large Annotated Corpus of English: The Penn Treebank}},
  author={Marcus, Mitchell P and Marcinkiewicz, Mary Ann and Santorini, Beatrice},
  journal={Computational linguistics},
  volume={19},
  number={2},
  pages={313--330},
  year={1993},
  publisher={MIT Press}
}
@inproceedings{koehn2005,
  title={{Edinburgh System Description for the 2005 IWSLT Speech Translation Evaluation}},
  author={Koehn, Philipp and Axelrod, Amittai and Birch, Alexandra and Callison-Burch, Chris and Osborne, Miles and Talbot, David and White, Michael},
  booktitle={IWSLT},
  pages={68--75},
  year={2005}
}
@inproceedings{tillmann2004,
  title={{A Unigram Orientation Model for Statistical Machine Translation}},
  author={Tillmann, Christoph},
  booktitle={Proceedings of HLT-NAACL 2004: Short Papers},
  pages={101--104},
  year={2004},
  organization={Association for Computational Linguistics}
}

@inproceedings{google,
title = {{Source-Side Classifier Preordering for Machine Translation}},
author  = {Uri Lerner and Slav Petrov},
year  = 2013,
booktitle = {Proceedings of the 2014 Conference on Empirical Methods in Natural Language Processing (EMNLP '13)}
}
@MISC{short,
    author = {Rottmann, Kay and Vogel, Stephan},
    title = {{Word Reordering in Statistical Machine Translation with a POS-Based Distortion Model}},
    year = {2007}
}
@inproceedings{long,
  title={{A POS-Based Model for Long-Range Reorderings in SMT}},
  author={Niehues, Jan and Kolss, Muntsin},
  booktitle={Proceedings of the Fourth Workshop on Statistical Machine Translation},
  pages={206--214},
  year={2009},
  organization={Association for Computational Linguistics},
  address={Athens, Greece}
}

@MISC{tree,
    author = {Herrmann, Teresa and Weiner, Jochen and Niehues, Jan and Waibel, Alex},
    title = {{Analyzing the Potential of Source Sentence Reordering in Statistical Machine Translation}},
    year = {2013}
}
@InProceedings{combine,
  author    = {Herrmann, Teresa  and  Niehues, Jan  and  Waibel, Alex},
  title     = {{Combining Word Reordering Methods on Different Linguistic Abstraction Levels for Statistical Machine Translation}},
  booktitle = {Proceedings of the Seventh Workshop on Syntax, Semantics and Structure in Statistical Translation},
  month     = {June},
  year      = {2013},
  address   = {Atlanta, Georgia},
  publisher = {Association for Computational Linguistics},
  pages     = {39--47},
  url       = {http://www.aclweb.org/anthology/W13-0805}
}
@article{metrics,
 author = {Birch, Alexandra and Osborne, Miles and Blunsom, Phil},
 title = {{Metrics for MT Evaluation: Evaluating Reordering}},
 journal = {Machine Translation},
 issue_date = {March 2010},
 volume = {24},
 number = {1},
 month = mar,
 year = {2010},
 issn = {0922-6567},
 Xpages = {15--26},
 numpages = {12},
 url = {http://dx.doi.org/10.1007/s10590-009-9066-5},
 doi = {10.1007/s10590-009-9066-5},
 acmid = {1842853},
 publisher = {Kluwer Academic Publishers},
 address = {Hingham, MA, USA},
 keywords = {BLEU, Human evaluation, METEOR, Machine translation, Metrics, Permutation distances, Reordering, TER}
}
@article{hier,
    title={{Hierarchical Phrase-Based Translation}},
    author={Chiang, David},
    journal={computational linguistics},
    volume={33},
    number={2},
    pages={201--228},
    year={2007},
    publisher={MIT Press}
}

@book{book,
 author = {Koehn, Philipp},
 title = {{Statistical Machine Translation}},
 year = {2010},
 isbn = {0521874157, 9780521874151},
 edition = {1st},
 publisher = {Cambridge University Press},
 address = {New York, NY, USA}
} 

@inproceedings{syntactic,
  title={{Chinese Syntactic Reordering for Statistical Machine Translation}},
  author={Wang, Chao and Collins, Michael and Koehn, Philipp},
  booktitle={EMNLP-CoNLL},
  pages={737--745},
  year={2007},
  organization={Citeseer}
}

@inproceedings{oxford,
  title={{A Convolutional Neural Network for Modelling Sentences}},
  author={Blunsom, Phil and Grefenstette, Edward and Kalchbrenner, Nal and others},
  booktitle={Proceedings of the 52nd Annual Meeting of the Association for Computational Linguistics},
  year={2014},
  organization={Proceedings of the 52nd Annual Meeting of the Association for Computational Linguistics}
}

@article{mikolov,
  title={{Efficient Estimation of Word Representations in Vector Space}},
  author={Mikolov, Tomas and Chen, Kai and Corrado, Greg and Dean, Jeffrey},
  journal={arXiv preprint arXiv:1301.3781},
  year={2013}
}
